<?xml version="1.0" encoding="UTF-8"?><collection xmlns="http://www.loc.gov/MARC21/slim"><record><leader>00521nam--2200205-u-4500</leader><controlfield tag="001">000052939</controlfield><controlfield tag="002">20161230</controlfield><controlfield tag="005">20161230201050</controlfield><controlfield tag="008">101130s1000------------r-----000-0-eng-d</controlfield><datafield ind1=" " ind2=" " tag="020"><subfield code="a">0198517955</subfield></datafield><datafield ind1=" " ind2=" " tag="040"><subfield code="a">IFIN-HH</subfield></datafield><datafield ind1=" " ind2=" " tag="080"><subfield code="a">535(13:3:4):538.958</subfield></datafield><datafield ind1="1" ind2=" " tag="100"><subfield code="a">Akhmanov, S.A</subfield></datafield><datafield ind1="1" ind2="0" tag="245"><subfield code="a">Physical optics</subfield><subfield code="c">S.a. akhmanov; s.yu. nikitin</subfield></datafield><datafield ind1=" " ind2=" " tag="260"><subfield code="a">Oxford</subfield><subfield code="b">Calderon Press</subfield><subfield code="c">1997</subfield></datafield><datafield ind1=" " ind2=" " tag="300"><subfield code="a">488P</subfield></datafield><datafield ind1=" " ind2="0" tag="650"><subfield code="a">Physical Optics</subfield></datafield><datafield ind1="1" ind2=" " tag="700"><subfield code="a">Nikitin, S.Yu</subfield></datafield><datafield ind1=" " ind2=" " tag="852"><subfield code="a">81623</subfield><subfield code="c">535</subfield></datafield><datafield ind1=" " ind2=" " tag="CAT"><subfield code="a">Sys</subfield><subfield code="c">20101130</subfield><subfield code="h">085755</subfield></datafield></record></collection>